@online{udp-ietf,
	author= "J. Postel",
	title= "User Datagram Protocol",
	url= "https://www.ietf.org/rfc/rfc768.txt",
	language={english},
	hyphenation={english}
}
@online{udp-wikibooks,
	title= "Communication Networks/TCP and UDP Protocols",
	url= "https://en.wikibooks.org/w/index.php?title=Communication_Networks/TCP_and_UDP_Protocols&stable=1#UDP",
	language={english},
	hyphenation={english}
}

@online{streamingprotocols,
	author= "Gary McGath",
	title= "Basics of streaming protocols",
	url= "http://www.garymcgath.com/streamingprotocols.html",
	language={english},
	hyphenation={english}
}
@online{streamingmedia,
	title= "What Is a Streaming Media Protocol?",
	url= "http://www.streamingmedia.com/Articles/Editorial/What-Is-.../What-Is-a-Streaming-Media-Protocol-84496.aspx",
	language={english},
	hyphenation={english}
}
@online{streamppt,
	title= "Multimedia Streaming: Challenges and Protocols",
	url= "https://www.google.gr/url?sa=t&rct=j&q=&esrc=s&source=web&cd=1&cad=rja&uact=8&ved=0ahUKEwi8x_ftn9vNAhXKvxQKHWBKBEIQFggcMAA&url=https%3A%2F%2Fcseweb.ucsd.edu%2Fclasses%2Fsp03%2Fcse228%2Fjun.ppt&usg=AFQjCNFydKZIBrDfWcCYKXiMKuaaqOgumg&sig2=GmN9CzOYzSrqm0m4uJYUfA&bvm=bv.126130881,d.d24",
	language={english},
	hyphenation={english}
}